@article{liu2020viral,
  title={Viral dynamics in mild and severe cases of COVID-19},
  author={Liu, Yang and Yan, Li-Meng and Wan, Lagen and Xiang, Tian-Xin and Le, Aiping and Liu, Jia-Ming and Peiris, Malik and Poon, Leo LM and Zhang, Wei},
  journal={The Lancet Infectious Diseases},
  year={2020},
  publisher={Elsevier}
}

@article{park2020time,
	title={The time scale of asymptomatic transmission affects estimates of epidemic potential in the COVID-19 outbreak},
	author={Park, Sang Woo and Cornforth, Daniel M and Dushoff, Jonathan and Weitz, Joshua S},
	journal={medRxiv},
	year={2020},
	publisher={Cold Spring Harbor Laboratory Press}
}

@article{diekmann2010construction,
	title={The construction of next-generation matrices for compartmental epidemic models},
	author={Diekmann, Odo and Heesterbeek, JAP and Roberts, Michael G},
	journal={Journal of the Royal Society Interface},
	volume={7},
	number={47},
	pages={873--885},
	year={2010},
	publisher={The Royal Society}
}